<record><leader>00000cas a22000007a 4500</leader><controlfield tag="001">9628324</controlfield><controlfield tag="008">830621d18531855ohuwr ne      0    0eng d</controlfield><datafield ind1=" " ind2=" " tag="010"><subfield code="a">sn 83035249 </subfield></datafield><datafield ind1=" " ind2=" " tag="040"><subfield code="a">NPY</subfield><subfield code="b">eng</subfield><subfield code="c">NPY</subfield><subfield code="d">OCLCQ</subfield></datafield><datafield ind1=" " ind2=" " tag="042"><subfield code="a">msc</subfield></datafield><datafield ind1="0" ind2="0" tag="245"><subfield code="a">Ashtabula Democrat.</subfield></datafield><datafield ind1="3" ind2="0" tag="246"><subfield code="a">Ashtabula County Democrat</subfield></datafield><datafield ind1=" " ind2=" " tag="260"><subfield code="a">Geneva, Ohio :</subfield><subfield code="b">B.J. Loomis</subfield></datafield><datafield ind1=" " ind2=" " tag="300"><subfield code="a">v. ;</subfield><subfield code="c">60 cm.</subfield></datafield><datafield ind1=" " ind2=" " tag="310"><subfield code="a">Weekly</subfield></datafield><datafield ind1="1" ind2=" " tag="362"><subfield code="a">Began in the fall of 1853.</subfield></datafield><datafield ind1="1" ind2=" " tag="362"><subfield code="a">Ceased prior to June 4, 1855.</subfield><subfield code="z">Cf. Annals of Cleveland, 1855.</subfield></datafield><datafield ind1=" " ind2=" " tag="500"><subfield code="a">Published on Monday.</subfield></datafield><datafield ind1=" " ind2=" " tag="500"><subfield code="a">"Devoted to news, literature and the diffusion of Democratic principles."</subfield></datafield><datafield ind1=" " ind2=" " tag="500"><subfield code="a">Continues the numbering of the Democrat (Jefferson, Ohio : 1853).</subfield></datafield><datafield ind1=" " ind2=" " tag="520"><subfield code="a">This paper was begun in Jefferson, Ohio with the title: The Democrat. S.D. Dann was publisher and B.J. Loomis the editor. In the fall of 1853, the paper was moved to Geneva, Ohio. The title became the Ashtabula Democrat and B.J. Loomis became publisher.</subfield></datafield><datafield ind1=" " ind2=" " tag="588"><subfield code="a">Description based on: Vol. 1, no. 31 (Dec. 26, 1853).</subfield></datafield><datafield ind1=" " ind2=" " tag="752"><subfield code="a">United States</subfield><subfield code="b">Ohio</subfield><subfield code="c">Ashtabula</subfield><subfield code="d">Geneva.</subfield></datafield><datafield ind1="0" ind2="0" tag="780"><subfield code="t">Democrat</subfield><subfield code="c">(Jefferson, Ohio : 1853)</subfield><subfield code="w">(DLC)sn 83035227</subfield></datafield></record>